<record><leader>00000cas a22000007a 4500</leader><controlfield tag="001">13754828</controlfield><controlfield tag="008">860620d19611961nvuer ne      0    0eng d</controlfield><datafield ind1=" " ind2=" " tag="010"><subfield code="a">sn 86076232 </subfield></datafield><datafield ind1=" " ind2=" " tag="040"><subfield code="a">NNX</subfield><subfield code="b">eng</subfield><subfield code="c">NNX</subfield><subfield code="d">OCLCQ</subfield></datafield><datafield ind1=" " ind2=" " tag="042"><subfield code="a">msc</subfield></datafield><datafield ind1="0" ind2="0" tag="245"><subfield code="a">Mineral county forum.</subfield></datafield><datafield ind1=" " ind2=" " tag="260"><subfield code="a">Hawthorne, Nev. :</subfield><subfield code="b">Mineral Pub. Co.,</subfield><subfield code="c">1961.</subfield></datafield><datafield ind1=" " ind2=" " tag="300"><subfield code="a">1 v. :</subfield><subfield code="b">ill.</subfield></datafield><datafield ind1=" " ind2=" " tag="310"><subfield code="a">Biweekly</subfield></datafield><datafield ind1="0" ind2=" " tag="362"><subfield code="a">Vol. 2, no. 3 (Feb. 9, 1961)-v. 2, no. 17 (Sept. 6, 1961).</subfield></datafield><datafield ind1=" " ind2=" " tag="752"><subfield code="a">United States</subfield><subfield code="b">Nevada</subfield><subfield code="c">Mineral</subfield><subfield code="d">Hawthorne.</subfield></datafield><datafield ind1="0" ind2="0" tag="780"><subfield code="t">Mineral county democrat</subfield><subfield code="w">(DLC)sn 86076233</subfield></datafield></record>